@article{alemi-ginsparg-2015-embeddings,
  author = "Alemi, Alexander A. and 
    Ginsparg, Paul",
  title = "Text Segmentation based on Semantic Word Embeddings",
  journal = "CoRR",
  volume = "abs/1503.05543",
  year = "2015",
  url = "http://arxiv.org/abs/1503.05543"
}
@article{blei-etal-2003-latent,
  author = "Blei, David M. and
    Ng, Andrew Y. and
    Jordan, Michael I.",
  title = "Latent {D}irichlet Allocation",
  journal = "Journal of Machine Learning Research",
  volume = "3",
  number = "",
  pages = "993-1022",
  year = "2003",
  url = "http://jmlr.csail.mit.edu/papers/v3/blei03a.html"
}
@inproceedings{choi-2000-advances,
  title = "Advances in domain independent linear text segmentation",
  author = "Choi, Freddy Y. Y.",
  booktitle = "1st Meeting of the North American Chapter of the Association for Computational Linguistics",
  year = "2000",
  url = "https://www.aclweb.org/anthology/A00-2004"
}
@inproceedings{choi-etal-2001-latent,
  title = "Latent Semantic Analysis for Text Segmentation",
  author = "Choi, Freddy Y. Y. and 
    Wiemer-Hastings, Peter and 
    Moore, Johanna",
  booktitle = "Proceedings of the 2001 Conference on Empirical Methods in Natural Language Processing",
  year = "2001",
  url = "https://www.aclweb.org/anthology/W01-0514"
}
@inproceedings{galley-etal-2003-discourse,
  title = "Discourse Segmentation of Multi-Party Conversation",
  author = "Galley, Michel and
    McKeown, Kathleen R. and
    Fosler-Lussier, Eric and
    Jing, Hongyan",
  booktitle = "Proceedings of the 41st Annual Meeting of the Association for Computational Linguistics",
  month = jul,
  year = "2003",
  address = "Sapporo, Japan",
  publisher = "Association for Computational Linguistics",
  url = "https://www.aclweb.org/anthology/P03-1071",
  doi = "10.3115/1075096.1075167",
  pages = "562-569",
}
@inproceedings{glavas-etal-2016-unsupervised,
  title = "Unsupervised Text Segmentation Using Semantic Relatedness Graphs",
  author = "Glava{\v{s}}, Goran and
    Nanni, Federico and 
    Ponzetto, Simone Paolo",
  booktitle = "Proceedings of the Fifth Joint Conference on Lexical and Computational Semantics",
  month = aug,
  year = "2016",
  address = "Berlin, Germany",
  publisher = "Association for Computational Linguistics",
  url = "https://www.aclweb.org/anthology/S16-2016",
  doi = "10.18653/v1/S16-2016",
  pages = "125-130",
}
@article{hearst-1997-texttiling,
  title = "{T}ext{T}iling: Segmenting Text into Multi-paragraph Subtopic Passages",
  author = "Hearst, Marti A.",
  journal = "Computational Linguistics",
  volume = "23",
  number = "1",
  pages = "33-64",
  year = "1997",
  url = "https://www.aclweb.org/anthology/J97-1003"
}
@article{joty-etal-2013-topic,
  title = "Topic Segmentation and Labeling in Asynchronous Conversations",
  author = "Joty, Shafiq and
    Carenini, Giuseppe and 
    Ng, Raymond T.",
  journal = "Journal of Artificial Intelligence Research",
  volume = "47",
  number = "",
  pages = "521-573",
  year = "2013",
  url = "https://arxiv.org/abs/1402.0586"
}
@inproceedings{koshorek-etal-2018-text,
  title = "Text Segmentation as a Supervised Learning Task",
  author = "Koshorek, Omri and
    Cohen, Adir and
    Mor, Noam and
    Rotman, Michael and
    Berant, Jonathan",
  booktitle = "Proceedings of the 2018 Conference of the North {A}merican Chapter of the Association for Computational Linguistics: Human Language Technologies, Volume 2 (Short Papers)",
  month = jun,
  year = "2018",
  address = "New Orleans, Louisiana",
  publisher = "Association for Computational Linguistics",
  url = "https://www.aclweb.org/anthology/N18-2075",
  pages = "469-473",
}
@inproceedings{li-etal-2018-segbot,
  title = "SegBot: A Generic Neural Text Segmentation Model with Pointer Network",
  author = "Li, Jing Li and
    Sun, Aixin and
    Joty, Shafiq",
  booktitle = "Proceedings of the Twenty-Seventh International Joint Conference on Artificial Intelligence, IJCAI-18",
  publisher = "International Joint Conferences on Artificial Intelligence Organization",             
  pages = "4166-4172",
  year = "2018",
  month = jul,
  url = "https://doi.org/10.24963/ijcai.2018/579",
}
@article{morris-hirst-1991-lexical,
  title = "Lexical Cohesion Computed by Thesaural relations as an indicator of the structure of text",
  author = "Morris, Jane and
    Hirst, Graeme",
  journal = "Computational Linguistics",
  volume = "17",
  number = "1",
  year = "1991",
  url = "https://www.aclweb.org/anthology/J91-1002",
  pages = "21--48",
}
@inproceedings{riedl-biemann-2012-topictiling,
  title = "{T}opic{T}iling: A Text Segmentation Algorithm based on {LDA}",
  author = "Riedl, Martin  and
    Biemann, Chris",
  booktitle = "Proceedings of {ACL} 2012 Student Research Workshop",
  month = jul,
  year = "2012",
  address = "Jeju Island, Korea",
  publisher = "Association for Computational Linguistics",
  url = "https://www.aclweb.org/anthology/W12-3307",
  pages = "37-42",
}
@article{sebastian-etal-2019-sector,
  author = "Arnold, Sebastian and 
    Schneider, Rudolf and 
    Cudré-Mauroux, Philippe and 
    Gers, Felix A. and 
    Löser, Alexander",
  title = "SECTOR: A Neural Model for Coherent Topic Segmentation and Classification",
  journal = "Transactions of the Association for Computational Linguistics",
  volume = "7",
  number = "",
  pages = "169-184",
  year = "2019",
  url = "https://doi.org/10.1162/tacl_a_00261"
}